<?xml version="1.0" encoding="UTF-8"?><record xmlns="http://www.loc.gov/MARC21/slim" xmlns:cinclude="http://apache.org/cocoon/include/1.0" xmlns:zs="http://www.loc.gov/zing/srw/">
  <leader>00485nz  a2200121n  4500</leader>
  <controlfield tag="001">n  92065985 </controlfield>
  <controlfield tag="003">DLC</controlfield>
  <controlfield tag="005">19920625143800.4</controlfield>
  <controlfield tag="008">920625n| acannaab|          |n aaa |||  </controlfield>
  <datafield tag="010" ind1=" " ind2=" ">
    <subfield code="a">n  92065985 </subfield>
  </datafield>
  <datafield tag="040" ind1=" " ind2=" ">
    <subfield code="a">DLC</subfield>
    <subfield code="c">DLC</subfield>
  </datafield>
  <datafield tag="100" ind1="1" ind2="0">
    <subfield code="a">Dickinson, S. W.</subfield>
  </datafield>
  <datafield tag="670" ind1=" " ind2=" ">
    <subfield code="a">NUCMC data from Va. Poly. Inst. and St. Univ. Libr. for Dickinson family. Papers, 1888-1931</subfield>
    <subfield code="b">(S.W. Dickinson, physician; of Marion, Smyth County, Va.; father of Ralph Dickinson who served in U.S. Army in Alaska and Washington State)</subfield>
  </datafield>
</record>